@article{article,
author = {Marie de Lima, Alane and Carmo, Renato},
year = {2018},
month = {11},
pages = {57},
title = {Exact Algorithms for the Graph Coloring Problem},
volume = {25},
journal = {Revista de Informática Teórica e Aplicada},
}

@article{LAWLER197666,
title = {A note on the complexity of the chromatic number problem},
journal = {Information Processing Letters},
volume = {5},
number = {3},
pages = {66-67},
year = {1976},
issn = {0020-0190},
author = {E.L. Lawler},
keywords = {Graph, algorithm, chromatic number, complexity}
}

@article{DBLP:journals/corr/cs-DS-0011009,
  author    = {David Eppstein},
  title     = {Small Maximal Independent Sets and Faster Exact Graph Coloring},
  journal   = {CoRR},
  volume    = {cs.DS/0011009},
  year      = {2000},
  bibsource = {dblp computer science bibliography, https://dblp.org}
}

@article{Byskov,
author = {Byskov, Jesper},
year = {2002},
month = {12},
pages = {},
title = {Chromatic Number in Time O(2.4023 n ) Using Maximal Independent Sets},
volume = {9},
journal = {BRICS Report Series},
doi = {10.7146/brics.v9i45.21760}
}